<record><leader>00000cas a22000007a 4500</leader><controlfield tag="001">13620725</controlfield><controlfield tag="008">860522d18101811tnuwr ne      0    0eng d</controlfield><datafield ind1=" " ind2=" " tag="010"><subfield code="a">sn 86053399 </subfield></datafield><datafield ind1=" " ind2=" " tag="040"><subfield code="a">NPX</subfield><subfield code="b">eng</subfield><subfield code="c">NPX</subfield><subfield code="d">KNP</subfield><subfield code="d">NVF</subfield><subfield code="d">OCL</subfield><subfield code="d">OCLCQ</subfield><subfield code="d">OCLCF</subfield><subfield code="d">OCLCO</subfield></datafield><datafield ind1=" " ind2=" " tag="042"><subfield code="a">msc</subfield></datafield><datafield ind1=" " ind2=" " tag="043"><subfield code="a">n-us-tn</subfield></datafield><datafield ind1="0" ind2="0" tag="245"><subfield code="a">United States herald.</subfield></datafield><datafield ind1=" " ind2=" " tag="260"><subfield code="a">Clarksville, Tenn. :</subfield><subfield code="b">Theoderick F. Bradford</subfield></datafield><datafield ind1=" " ind2=" " tag="300"><subfield code="a">v.</subfield></datafield><datafield ind1=" " ind2=" " tag="310"><subfield code="a">Weekly</subfield></datafield><datafield ind1="1" ind2=" " tag="362"><subfield code="a">Began in July 1810; ceased in 1811.</subfield><subfield code="z">Cf. Brigham, C.S. Amer. newspapers.</subfield></datafield><datafield ind1="4" ind2=" " tag="510"><subfield code="a">Shaw &amp; Shoemaker</subfield><subfield code="c">21870</subfield></datafield><datafield ind1="4" ind2=" " tag="510"><subfield code="a">Brigham, C.S. Amer. newspapers,</subfield><subfield code="c">p. 1056</subfield></datafield><datafield ind1=" " ind2=" " tag="588"><subfield code="a">Description based on: Vol. 1, no. 5 (Aug. 11, 1810).</subfield></datafield><datafield ind1=" " ind2="0" tag="651"><subfield code="a">Clarksville (Tenn.)</subfield><subfield code="v">Newspapers.</subfield></datafield><datafield ind1=" " ind2="0" tag="651"><subfield code="a">Montgomery County (Tenn.)</subfield><subfield code="v">Newspapers.</subfield></datafield><datafield ind1=" " ind2="7" tag="655"><subfield code="a">Newspapers.</subfield><subfield code="2">fast</subfield><subfield code="0">(OCoLC)fst01423814</subfield></datafield><datafield ind1=" " ind2="7" tag="651"><subfield code="a">Tennessee</subfield><subfield code="z">Clarksville.</subfield><subfield code="2">fast</subfield><subfield code="0">(OCoLC)fst01216907</subfield></datafield><datafield ind1=" " ind2="7" tag="651"><subfield code="a">Tennessee</subfield><subfield code="z">Montgomery County.</subfield><subfield code="2">fast</subfield><subfield code="0">(OCoLC)fst01209636</subfield></datafield><datafield ind1="1" ind2=" " tag="700"><subfield code="a">Bradford, Theoderick F.</subfield></datafield><datafield ind1=" " ind2=" " tag="752"><subfield code="a">United States</subfield><subfield code="b">Tennessee</subfield><subfield code="c">Montgomery</subfield><subfield code="d">Clarksville.</subfield></datafield></record>